@article{reference1,
  author    = {Josef Kiendl},
  title     = {Isogeometric Analysis and Shape Optimal Design of Shell Structures},
  journal   = {Dissertation, Technische Universität München, München},
  year      = {2011},
}
@article{pythonocc,
  author       = {Thomas Paviot},
  title        = {pythonocc},
  version      = {7.7.2},
  year         = {2022},
  howpublished = {\url{https://doi.org/10.5281/zenodo.3605364}},
  note         = {Zenodo},
}
@article{occt,
  author       = {Open Cascade S.A.S.},
  title        = {OpenCascade},
  version      = {7.7.0},
  year         = {2022},
  howpublished = {\url{https://dev.opencascade.org/}},
}

@article{HUGHES20054135,
title = {Isogeometric analysis: CAD, finite elements, NURBS, exact geometry and mesh refinement},
journal = {Computer Methods in Applied Mechanics and Engineering},
volume = {194},
number = {39},
pages = {4135-4195},
year = {2005},
issn = {0045-7825},
doi = {https://doi.org/10.1016/j.cma.2004.10.008},
url = {https://www.sciencedirect.com/science/article/pii/S0045782504005171},
author = {T.J.R. Hughes and J.A. Cottrell and Y. Bazilevs},
}

@article{feafigure,
  author    = {Stefan Grabkel},
  title     = {Isogeometrische Analyse mit Loop Subdivision Surfaces},
  journal   = {Mater thesis, Technische Universität München, München},
  year      = {2019},
}
@article{plate1,
  author    = {Dr. Kai Uwe Bletzinger},
  title     = {Theory of Plates},
  journal   = {Script, Technische Universität München, München},
  year      = {2022}  
}

@article{pythonocc-generator,
  author       = {Thomas Paviot and Kristoffer Andersen},
  title        = {pythonocc-generator},
  howpublished = {\url{https://github.com/tpaviot/pythonocc-generator}},
  note         = {Subproject of PythonOCC},
}

@article{WANG20102425,
title = {An improved NURBS-based isogeometric analysis with enhanced treatment of essential boundary conditions},
journal = {Computer Methods in Applied Mechanics and Engineering},
volume = {199},
number = {37},
pages = {2425-2436},
year = {2010},
issn = {0045-7825},
doi = {https://doi.org/10.1016/j.cma.2010.03.032},
url = {https://www.sciencedirect.com/science/article/pii/S004578251000109X},
author = {Dongdong Wang and Junchang Xuan},
keywords = {NURBS, Isogeometric analysis, Essential boundary condition, Control variable, Transformation method, Meshfree method},
}

@article{lagDBC,
author = {Shojaee, Saeed and Izadpenah, E. and Haeri, Ali},
year = {2012},
month = {01},
pages = {247-271},
title = {IMPOSITION OF ESSENTIAL BOUNDARY CONDITIONS IN ISOGEOMETRIC ANALYSIS USING THE LAGRANGE MULTIPLIER METHOD},
volume = {2},
journal = {INTERNATIONAL JOURNAL OF OPTIMIZATION IN CIVIL ENGINEERING}
}
@article{Nitsch_DBC,
  author    = {Guo, Yujie and Ruess, Martin},
  title     = {Weak Dirichlet boundary conditions for trimmed thin isogeometric shells},
  journal   = {Computers \& Mathematics with Applications},
  volume    = {70},
  number    = {7},
  pages     = {1425 -- 1440},
  doi       = {10.1016/j.camwa.2015.06.012},
  year      = {2015},
}
@article{Reduced_LM,
issn = {2637-4668},
journal = {Trends in Civil Engineering and its Architecture},
volume = {1},
publisher = {Lupine Publishers},
number = {1},
year = {2018},
title = {A Reduced Lagrange Multiplier Method for Dirichlet Boundary Conditions in Isogeometric Analysis},
language = {eng},
author = {Yin, Shuohui},
}
@article{trim_element_iga,
title = {Isogeometric analysis for trimmed CAD surfaces},
journal = {Computer Methods in Applied Mechanics and Engineering},
volume = {198},
number = {37},
pages = {2982-2995},
year = {2009},
issn = {0045-7825},
doi = {https://doi.org/10.1016/j.cma.2009.05.004},
url = {https://www.sciencedirect.com/science/article/pii/S0045782509001856},
author = {Hyun-Jung Kim and Yu-Deok Seo and Sung-Kie Youn},
keywords = {Isogeometric analysis, Trimmed surface, NURBS, T-spline, Trimmed surface analysis},
}
@article{trim_element_iga_normal,
  author    = {Sofie Schønfeldt-Borchgrevink},
  title     = {Isogeometric Analysis with Trimmed Geometries Applied to Ship Hulls},
  journal   = {Mater thesis, Norwegian University of Science and Technology},
  year      = {2018},
}
@article{AGIP,
  author    = {Michael Breitenberger},
  title     = {CAD-INTEGRATED DESIGN AND ANALYSIS OF SHELL STRUCTURES},
  journal   = {Doctorate Dissertation, TU Munich},
  year      = {2016},
}
@article{strong_eq,
  author    = {O.C. Zienkiewicz and R.L. Taylor and J.Z. Zhu},
  title     = {The Finite Element Method: Its Basis and Fundamentals, },
  journal   = {ButterworthHeinemann, Oxford 7th edn.},
  year      = {2013},
}
@article{iga_element,
  author    = {Vishal Agrawal and Sachin S. Gautam},
  title     = {IGA: A Simplified Introduction and Implementation Details for Finite Element Users},
  journal   = {Journal of The Institution of Engineers (India): Series C},
  year      = {2018},
}
@article{nurbs_refinement,
  author    = {Dr.-Ing. Roland Wüchner and Michael Breitenberger and Anna Bauer},
  title     = {Script: ISOGEOMETRIC STRUCTURAL ANALYSIS AND DESIGN},
  journal   = {TECHNISCHE UNIVERSITÄT MÜNCHEN Lehrstuhl für Statik},
  year      = {SS 2019},
}
@article{boehm,
  author    = {W. Boehm},
  title     = { Inserting new knots into b-spline curves},
  journal   = {Computer-Aided Design, 12(4):199–201},
  year      = {1980},
}
@article{BREITENBERGER2015401,
title = {Analysis in computer aided design: Nonlinear isogeometric B-Rep analysis of shell structures},
journal = {Computer Methods in Applied Mechanics and Engineering},
volume = {284},
pages = {401-457},
year = {2015},
note = {Isogeometric Analysis Special Issue},
issn = {0045-7825},
doi = {https://doi.org/10.1016/j.cma.2014.09.033},
url = {https://www.sciencedirect.com/science/article/pii/S0045782514003569},
author = {M. Breitenberger and A. Apostolatos and B. Philipp and R. Wüchner and K.-U. Bletzinger},
}
@article{jos_kind_shell_penalty,
    author = {Proserpio, Davide and Kiendl, Josef},
    title = "{Penalty coupling of trimmed isogeometric Kirchhoff–Love shell patches}",
    journal = {Journal of Mechanics},
    volume = {38},
    pages = {156-165},
    year = {2022},
    month = {04},
    issn = {1811-8216},
    doi = {10.1093/jom/ufac008},
    url = {https://doi.org/10.1093/jom/ufac008},
    eprint = {https://academic.oup.com/jom/article-pdf/doi/10.1093/jom/ufac008/47840826/ufac008.pdf},
}